@article{watkins1992q,
  title={Q-learning},
  author={Watkins, Christopher JCH and Dayan, Peter},
  journal={Machine learning},
  volume={8},
  number={3-4},
  pages={279--292},
  year={1992},
  publisher={Springer}
}

@book{alpaydin,
	title={Introduction to machine learning},
	author={Alpaydin, Ethem},
	year={2014},
	publisher={MIT press}
}
